<?xml version="1.0" encoding="UTF-8"?><record xmlns="http://www.loc.gov/MARC21/slim"><leader>02739cam a2200433 i 4500</leader><controlfield tag="001">10009012</controlfield><controlfield tag="008">231016s2023    xnaa     d    000 0 mul  </controlfield><controlfield tag="005">20240121224034.0</controlfield><datafield tag="019" ind1="1" ind2=" "><subfield code="a">75115330</subfield></datafield><datafield tag="020" ind1=" " ind2=" "><subfield code="a">9781923024236</subfield><subfield code="q">paperback</subfield></datafield><datafield tag="035" ind1=" " ind2=" "><subfield code="a">(OCoLC)1393524289</subfield></datafield><datafield tag="040" ind1=" " ind2=" "><subfield code="a">YDX</subfield><subfield code="b">eng</subfield><subfield code="e">rda</subfield><subfield code="c">YDX</subfield><subfield code="d">SALS</subfield><subfield code="d">ANL</subfield></datafield><datafield tag="041" ind1="0" ind2=" "><subfield code="a">eng</subfield></datafield><datafield tag="041" ind1="0" ind2="7"><subfield code="a">D54</subfield><subfield code="2">austlang</subfield></datafield><datafield tag="042" ind1=" " ind2=" "><subfield code="a">anuc</subfield></datafield><datafield tag="245" ind1="0" ind2="0"><subfield code="a">More Australian legendary tales /</subfield><subfield code="c">collected by K. Langloh Parker ; drawings by Tommy McRae.</subfield></datafield><datafield tag="264" ind1=" " ind2="1"><subfield code="a">Exile Bay, N.S.W. :</subfield><subfield code="b">ETT Imprint,</subfield><subfield code="c">2023.</subfield></datafield><datafield tag="300" ind1=" " ind2=" "><subfield code="a">94 pages :</subfield><subfield code="b">illustrations ;</subfield><subfield code="c">24 cm.</subfield></datafield><datafield tag="336" ind1=" " ind2=" "><subfield code="a">text</subfield><subfield code="b">txt</subfield><subfield code="2">rdacontent</subfield></datafield><datafield tag="336" ind1=" " ind2=" "><subfield code="a">still image</subfield><subfield code="b">sti</subfield><subfield code="2">rdacontent</subfield></datafield><datafield tag="337" ind1=" " ind2=" "><subfield code="a">unmediated</subfield><subfield code="b">n</subfield><subfield code="2">rdamedia</subfield></datafield><datafield tag="338" ind1=" " ind2=" "><subfield code="a">volume</subfield><subfield code="b">nc</subfield><subfield code="2">rdacarrier</subfield></datafield><datafield tag="490" ind1="0" ind2=" "><subfield code="a">Australian Legendary Tales</subfield></datafield><datafield tag="500" ind1=" " ind2=" "><subfield code="a">Cultural sensitivity warning:  Aboriginal and Torres Strait Islander people are advised that this item contains names of people who have passed away. This item also contains language, terms and descriptions that reflect those of the period in which the item was written but may not be considered appropriate today.</subfield></datafield><datafield tag="500" ind1=" " ind2=" "><subfield code="a">This material contains Indigenous Cultural and Intellectual Property (ICIP) of Australian First Nations peoples. Restrictions on access and use of this material may apply. Contact the National Library of Australia for further information.</subfield></datafield><datafield tag="500" ind1=" " ind2=" "><subfield code="a">First published in 1898 by Melville, Mullen &amp; Slade, Melbourne.</subfield></datafield><datafield tag="500" ind1=" " ind2=" "><subfield code="a">Please be advised that this collection may contain content that is sensitive and/or distressing including images and discussions relating to enslaved persons, sex trafficking of persons, accounts of racial violence, massacres, mentions of genocide, mentions of child sexual abuse and other mentions of sexual violence. Please also be aware that you may see certain words or descriptions within this collection which reflect the period in which the works were created, and may now be considered inaccurate, inappropriate or offensive. Including terms and discussions relating to people of colour, eugenics and people with disabilities.</subfield></datafield><datafield tag="520" ind1=" " ind2=" "><subfield code="a">"More Australian Legendary Tales was first published in 1898. The 23 tales are supplemented by a glossary, collected by Ms Langloh Parker from the original Aboriginal language and are set in a "no-time" where animal spirits, supernatural beings and humans interact, often alluding to ideas of creation. Once again it was illustrated by Tommy McRae, the first published Aboriginal artist." --Back cover.</subfield></datafield><datafield tag="546" ind1=" " ind2=" "><subfield code="a">Text in English. Includes a glossary of words from Australian First Nation languages, primarily from the Euahlayi language.</subfield></datafield><datafield tag="650" ind1=" " ind2="7"><subfield code="a">Religion - Dreaming.</subfield><subfield code="2">aiatsiss</subfield></datafield><datafield tag="650" ind1=" " ind2="7"><subfield code="a">Stories and motifs - Creation / Cosmology.</subfield><subfield code="2">aiatsiss</subfield></datafield><datafield tag="650" ind1=" " ind2="7"><subfield code="a">Stories and motifs - Animals.</subfield><subfield code="2">aiatsiss</subfield></datafield><datafield tag="650" ind1=" " ind2="7"><subfield code="a">Stories and motifs - Sun.</subfield><subfield code="2">aiatsiss</subfield></datafield><datafield tag="650" ind1=" " ind2="7"><subfield code="a">Yuwaalayaay language D54</subfield><subfield code="2">aiatsisl</subfield></datafield><datafield tag="653" ind1=" " ind2=" "><subfield code="a">Australian</subfield></datafield><datafield tag="700" ind1="1" ind2=" "><subfield code="a">Parker, K. Langloh</subfield><subfield code="q">(Katie Langloh),</subfield><subfield code="d">1856-1940</subfield><subfield code="e">editor.</subfield><subfield code="0">43293</subfield><subfield code="9">d4a92e10-4733-5369-ba0d-7b125fc3f5e1</subfield></datafield><datafield tag="700" ind1="1" ind2=" "><subfield code="a">McRae, Tommy,</subfield><subfield code="d">approximately 1836-1901</subfield><subfield code="e">illustrator.</subfield><subfield code="0">42050</subfield><subfield code="9">d78bdf77-48db-55aa-9bbc-028cbc34ce67</subfield></datafield><datafield tag="800" ind1="1" ind2=" "><subfield code="a">Parker, K. Langloh</subfield><subfield code="q">(Katie Langloh),</subfield><subfield code="d">1856-1940</subfield><subfield code="t">Australian legendary tales.</subfield></datafield><datafield tag="980" ind1=" " ind2=" "><subfield code="n">NLACatForm</subfield></datafield><datafield tag="999" ind1="f" ind2="f"><subfield code="s">c726fc22-4daf-4e06-b2e3-17dd6eeeff48</subfield><subfield code="i">2f871984-b50a-467d-9c7f-a71f1eb661a8</subfield></datafield><datafield tag="952" ind1="f" ind2="f"><subfield code="a">National Library of Australia</subfield><subfield code="b">Parkes</subfield><subfield code="c">Parkes</subfield><subfield code="d">Main Reading Room (RUNN - Aust [East])</subfield><subfield code="e">N 2023-2910</subfield><subfield code="h">Running Number</subfield><subfield code="m">634ff5ba-be5b-4cbc-bebf-44fd1546188d</subfield><subfield code="z">Holdings note: N pbk</subfield></datafield></record>